<record><leader>00000cas a22000007a 4500</leader><controlfield tag="001">9579280</controlfield><controlfield tag="008">830606d18521852mau x ne      0    0eng d</controlfield><controlfield tag="009">3768</controlfield><datafield ind1=" " ind2=" " tag="010"><subfield code="a">sn 83020842 </subfield></datafield><datafield ind1=" " ind2=" " tag="040"><subfield code="a">NPX</subfield><subfield code="b">eng</subfield><subfield code="c">NPX</subfield><subfield code="d">MGN</subfield></datafield><datafield ind1=" " ind2=" " tag="042"><subfield code="a">msc</subfield></datafield><datafield ind1=" " ind2=" " tag="043"><subfield code="a">n-us-ma</subfield></datafield><datafield ind1="0" ind2="0" tag="245"><subfield code="a">West Newbury record.</subfield></datafield><datafield ind1=" " ind2=" " tag="260"><subfield code="a">West Newbury, Mass. :</subfield><subfield code="b">[s.n.],</subfield><subfield code="c">1852.</subfield></datafield><datafield ind1=" " ind2=" " tag="300"><subfield code="a">v. :</subfield><subfield code="b">ill. ;</subfield><subfield code="c">44 cm.</subfield></datafield><datafield ind1=" " ind2=" " tag="310"><subfield code="a">Irregular</subfield></datafield><datafield ind1="0" ind2=" " tag="362"><subfield code="a">Vol. 1, no. 1 (Mar. 16, 1852)-v. 1, no. 28 (Oct. 12, 1852).</subfield></datafield><datafield ind1=" " ind2=" " tag="500"><subfield code="a">"In this journal we uphold the claims, (based upon meritorious services and high Union principles,) of Daniel Webster."</subfield></datafield><datafield ind1=" " ind2=" " tag="500"><subfield code="a">Campaign paper of the "Massachusetts Webster Union Party."</subfield></datafield><datafield ind1=" " ind2=" " tag="500"><subfield code="a">Printer: Benjamin Perley Poore.</subfield></datafield><datafield ind1=" " ind2=" " tag="752"><subfield code="a">United States</subfield><subfield code="b">Massachusetts</subfield><subfield code="c">Essex</subfield><subfield code="d">West Newbury.</subfield></datafield><datafield ind1=" " ind2=" " tag="936"><subfield code="a">1852 Oct. 12</subfield></datafield></record>